% $Description: the book's bibliography $


--- articles --------------------------------------------------------------

@article{,
  author    = {},
  title     = {},
  journal   = {},
  year      = {},
  volume    = {},
  number    = {},
  pages     = {},
  publisher = {},
}


--- books -----------------------------------------------------------------

@book{,
  author    = {},
  title     = {},
  publisher = {},
  year      = {},
}

@book{Koblitz1998,
  author    = {Neal Koblitz},
  title     = {Algebraic Aspects of Cryptography},
  publisher = {Springer},
  year      = {1998},
}

@book{MenezesEtAl1996,
  author    = {Alfred J. Menezes and Paul C. van Oorschot and
               Scott A. Vanstone},
  title     = {Handbook of Applied Cryptography},
  publisher = {CRC Press},
  year      = {1996},
}

@book{Stinson2006,
  author    = {Douglas R. Stinson},
  title     = {Cryptography: Theory and Practice},
  edition   = {3rd},
  publisher = {Chapman \& Hall/CRC},
  year      = {2006},
}

@book{TrappeWashington2006,
  author    = {Wade Trappe and Lawrence C. Washington},
  title     = {Introduction to Cryptography with Coding Theory},
  edition   = {2nd},
  publisher = {Pearson Prentice Hall},
  year      = {2006},
}


--- book chapters ---------------------------------------------------------

@inbook{,
  author    = {},
  chapter   = {},
  editor    = {},
  title     = {},
  series    = {},
  volume    = {},
  pages     = {},
  publisher = {},
  year      = {},
}


--- proceedings -----------------------------------------------------------

@inproceedings{,
  author    = {},
  title     = {},
  year      = {},
  note      = {},
  crossref  = {},
}
@proceedings{,
  editor    = {},
  booktitle = {},
  address   = {},
  year      = {},
}


--- miscellaneous ---------------------------------------------------------

@misc{,
  author = {},
  title  = {},
  month  = {},
  year   = {},
  note   = {},
}


--- technical reports -----------------------------------------------------

@techreport{,
  author      = {},
  title       = {},
  number      = {},
  institution = {},
  year        = {},
  month       = {},
}


--- PhD theses ------------------------------------------------------------

@phdthesis{,
  author  = {},
  title   = {},
  school  = {},
  address = {},
  year    = {},
  note    = {},
}
